@INPROCEEDINGS{6240942,  
    author={N. {Jasika} and N. {Alispahic} and A. {Elma} and K. {Ilvana} and L. {Elma} and N. {Nosovic}},  
    booktitle={2012 Proceedings of the 35th International Convention MIPRO},   
    title={Dijkstra's shortest path algorithm serial and parallel execution performance analysis},   
    year={2012},  
    volume={},  
    number={},  
    pages={1811-1815},
}

@ONLINE {key1,
    howpublished= {\url{https://urlzs.com/W2B6i}},
    author = {Neeraj Mishra},
    title = {Dijkstraâ€™s Algorithm in C}
}

@ONLINE {key2,
    howpublished = {\url{https://sahebg.github.io/computersceince/travelling-salesman-problem-c-program/}},
    author = {Saheb Ghosh},
    year = {02-08-2017},
    title = {Travelling Salesman Problem , with C Program Example}
}
@ONLINE {key3,
    howpublished = {\url{https://cs.stackexchange.com/questions/90149/analysis-of-time-complexity-of-travelling-salesman-problem}},
    author = {Sebastian Oberhoff},
    year = {03-04-2018},
    title = {Analysis of time complexity of travelling salesman problem}
}
